<?xml version="1.0" encoding="UTF-8"?><collection xmlns="http://www.loc.gov/MARC21/slim"><record><leader>00398nam--2200109-i-4500</leader><controlfield tag="001">000038107</controlfield><controlfield tag="002">20161230</controlfield><controlfield tag="005">20161230201041</controlfield><controlfield tag="008">060222s1000------------r-----000-0-eng-d</controlfield><datafield ind1=" " ind2=" " tag="245"><subfield code="a">Reactor physics. a series of lectures given at the int.advanced summer school in reactor physics held at zakopane, poland, in september 1964. as part of the npy project</subfield></datafield><datafield ind1=" " ind2=" " tag="260"><subfield code="a">Vienna, Iaea, 1966. P.Dif</subfield></datafield><datafield ind1=" " ind2=" " tag="852"><subfield code="a">23342</subfield></datafield></record></collection>